@article{Althubaiti2021,
   author = {Sara Althubaiti and Maxat Kulmanov and Yang Liu and Georgios V Gkoutos and Paul Schofield and Robert Hoehndorf},
   doi = {10.1101/2021.03.02.433454},
   journal = {BioRxiv},
   title = {DeepMOCCA: A pan-cancer prognostic model identifies personalized prognostic markers through graph attention and multi-omics data integration},
   volume = {2021-03},
   url = {https://doi.org/10.1101/2021.03.02.433454},
   year = {2021},
}
@article{aranda2010intact,
  title={The IntAct molecular interaction database in 2010},
  author={Aranda, Bruno and Achuthan, P and Alam-Faruque, Yasmin and Armean, I and Bridge, Alan and Derow, C and Feuermann, Marc and Ghanbarian, AT and Kerrien, Samuel and Khadake, Jyoti and others},
  journal={Nucleic acids research},
  volume={38},
  number={suppl\_1},
  pages={D525--D531},
  year={2010},
  publisher={Oxford University Press}
}
@article{athieniti2022guide,
  title={A guide to multi-omics data collection and integration for translational medicine},
  author={Athieniti, Efi and Spyrou, George M},
  journal={Computational and Structural Biotechnology Journal},
  year={2022},
  publisher={Elsevier}
}
@article{bohm2020probabilistic,
  title={Probabilistic Autoencoder},
  author={B{\"o}hm, Vanessa and Seljak, Uro{\v{s}}},
  journal={arXiv preprint arXiv:2006.05479},
  year={2020}
}
@article{Brombacher2022,
   author = {Eva Brombacher and Maren Hackenberg and Clemens Kreutz and Harald Binder and Martin Treppner},
   doi = {10.3389/fmolb.2022.962644},
   issn = {2296889X},
   journal = {Frontiers in Molecular Biosciences},
   keywords = {deep learning,epigenomics,experimental design,multi-omics,proteomics,sample size,transcriptomics},
   month = {10},
   pmid = {36387277},
   publisher = {Frontiers Media S.A.},
   title = {The performance of deep generative models for learning joint embeddings of single-cell multi-omics data},
   volume = {9},
   year = {2022},
}
@article{Bouhaddani2023,
   author = {Said el Bouhaddani and Matthias Höllerhage and Hae-Won Uh and Claudia Moebius and Marc Bickle and Günter Höglinger and Jeanine Houwing-Duistermaat},
   doi = {10.1101/2022.08.10.503452},
   journal = {bioRxiv},
   title = {Statistical integration of multi-omics and drug screening data from cell lines},
   volume = {2022-08},
   url = {https://doi.org/10.1101/2022.08.10.503452},
   year = {2023},
}
@article{cordell2009detecting,
  title={Detecting gene--gene interactions that underlie human diseases},
  author={Cordell, Heather J},
  journal={Nature Reviews Genetics},
  volume={10},
  number={6},
  pages={392--404},
  year={2009},
  publisher={Nature Publishing Group UK London}
}
@article{cui2022graph,
  title={Graph Representation Learning},
  author={Cui, Peng and Wu, Lingfei and Pei, Jian and Zhao, Liang and Wang, Xiao},
  journal={Graph Neural Networks: Foundations, Frontiers, and Applications},
  pages={17--26},
  year={2022},
  publisher={Springer}
}
@article{dihazi2018integrative,
  title={Integrative omics-from data to biology},
  author={Dihazi, Hassan and Asif, Abdul R and Bei{\ss}barth, Tim and Bohrer, Rainer and Feussner, Kirstin and Feussner, Ivo and Jahn, Olaf and Lenz, Christof and Majcherczyk, Andrzej and Schmidt, Bernhard and others},
  journal={Expert review of proteomics},
  volume={15},
  number={6},
  pages={463--466},
  year={2018},
  publisher={Taylor \& Francis}
}
@article{duan2021evaluation,
  title={Evaluation and comparison of multi-omics data integration methods for cancer subtyping},
  author={Duan, Ran and Gao, Lin and Gao, Yong and Hu, Yuxuan and Xu, Han and Huang, Mingfeng and Song, Kuo and Wang, Hongda and Dong, Yongqiang and Jiang, Chaoqun and others},
  journal={PLoS computational biology},
  volume={17},
  number={8},
  pages={e1009224},
  year={2021},
  publisher={Public Library of Science San Francisco, CA USA}
}
@inproceedings{eykholt2018robust,
  title={Robust physical-world attacks on deep learning visual classification},
  author={Eykholt, Kevin and Evtimov, Ivan and Fernandes, Earlence and Li, Bo and Rahmati, Amir and Xiao, Chaowei and Prakash, Atul and Kohno, Tadayoshi and Song, Dawn},
  booktitle={Proceedings of the IEEE conference on computer vision and pattern recognition},
  pages={1625--1634},
  year={2018}
}
@article{finkelshtein2022single,
  title={Single-node attacks for fooling graph neural networks},
  author={Finkelshtein, Ben and Baskin, Chaim and Zheltonozhskii, Evgenii and Alon, Uri},
  journal={Neurocomputing},
  volume={513},
  pages={1--12},
  year={2022},
  publisher={Elsevier}
}
@article{Gao2023,
   author = {Hongli Gao and Bin Zhang and Long Liu and Shan Li and Xin Gao and Bin Yu},
   doi = {10.1093/bib/bbad081},
   issue = {3},
   journal = {Briefings in Bioinformatics},
   keywords = {graph convolutional neural networks,information transfer,integration,single-cell multi-omics},
   pages = {1-11},
   title = {Problem Solving Protocol A universal framework for single-cell multi-omics data integration with graph convolutional networks},
   volume = {24},
   url = {https://doi.org/10.1093/bib/bbad081},
   year = {2023},
}
@article{guil2015rna,
  title={RNA--RNA interactions in gene regulation: the coding and noncoding players},
  author={Guil, Sonia and Esteller, Manel},
  journal={Trends in biochemical sciences},
  volume={40},
  number={5},
  pages={248--256},
  year={2015},
  publisher={Elsevier}
}
@Inbook{Günnemann2022,
author="G{\"u}nnemann, Stephan",
editor="Wu, Lingfei
and Cui, Peng
and Pei, Jian
and Zhao, Liang",
title="Graph Neural Networks: Adversarial Robustness",
bookTitle="Graph Neural Networks: Foundations, Frontiers, and Applications",
year="2022",
publisher="Springer Nature Singapore",
address="Singapore",
pages="149--176",
isbn="978-981-16-6054-2",
doi="10.1007/978-981-16-6054-2_8",
url="https://doi.org/10.1007/978-981-16-6054-2_8"
}
@article{hann2001molecular,
  title={Molecular complexity and its impact on the probability of finding leads for drug discovery},
  author={Hann, Michael M and Leach, Andrew R and Harper, Gavin},
  journal={Journal of chemical information and computer sciences},
  volume={41},
  number={3},
  pages={856--864},
  year={2001},
  publisher={ACS Publications}
}
@article{Hasin2017,
   author = {Yehudit Hasin and Marcus Seldin and Aldons Lusis},
   doi = {10.1186/s13059-017-1215-1},
   issn = {1474-760X},
   issue = {1},
   journal = {Genome Biology},
   pages = {83},
   title = {Multi-omics approaches to disease},
   volume = {18},
   url = {https://doi.org/10.1186/s13059-017-1215-1},
   year = {2017},
}
@article{huang2019salmon,
  title={SALMON: survival analysis learning with multi-omics neural networks on breast cancer},
  author={Huang, Zhi and Zhan, Xiaohui and Xiang, Shunian and Johnson, Travis S and Helm, Bryan and Yu, Christina Y and Zhang, Jie and Salama, Paul and Rizkalla, Maher and Han, Zhi and others},
  journal={Frontiers in genetics},
  volume={10},
  pages={166},
  year={2019},
  publisher={Frontiers Media SA}
}
@article{karczewski2018integrative,
  title={Integrative omics for health and disease},
  author={Karczewski, Konrad J and Snyder, Michael P},
  journal={Nature Reviews Genetics},
  volume={19},
  number={5},
  pages={299--310},
  year={2018},
  publisher={Nature Publishing Group UK London}
}
@article{kingma2013auto,
  title={Auto-encoding variational bayes},
  author={Kingma, Diederik P and Welling, Max},
  journal={arXiv preprint arXiv:1312.6114},
  year={2013}
}
@article{kipf2016semi,
  title={Semi-supervised classification with graph convolutional networks},
  author={Kipf, Thomas N and Welling, Max},
  journal={arXiv preprint arXiv:1609.02907},
  year={2016}
}
@article{kleinrensink2022tofa,
  title={TOFA-PREDICT study protocol: a stratification trial to determine key immunological factors predicting tofacitinib efficacy and drug-free remission in psoriatic arthritis (PsA)},
  author={Kleinrensink, Nienke J and Perton, Frank T and Pouw, Juli{\"e}tte N and Vincken, Nanette LA and Hartgring, Sarita AY and Jansen, Myl{\`e}ne P and Arbabi, Saeed and Foppen, Wouter and de Jong, Pim A and Tekstra, Janneke and others},
  journal={BMJ open},
  volume={12},
  number={10},
  pages={e064338},
  year={2022},
  publisher={British Medical Journal Publishing Group}
}
@article{leng2022benchmark,
  title={A benchmark study of deep learning-based multi-omics data fusion methods for cancer},
  author={Leng, Dongjin and Zheng, Linyi and Wen, Yuqi and Zhang, Yunhao and Wu, Lianlian and Wang, Jing and Wang, Meihong and Zhang, Zhongnan and He, Song and Bo, Xiaochen},
  journal={Genome biology},
  volume={23},
  number={1},
  pages={1--32},
  year={2022},
  publisher={BioMed Central}
}
@Inbook{Li2022Pan,
author="Li, Pan
and Leskovec, Jure",
editor="Wu, Lingfei
and Cui, Peng
and Pei, Jian
and Zhao, Liang",
title="The Expressive Power of Graph Neural Networks",
bookTitle="Graph Neural Networks: Foundations, Frontiers, and Applications",
year="2022",
publisher="Springer Nature Singapore",
address="Singapore",
pages="63--98",
isbn="978-981-16-6054-2",
doi="10.1007/978-981-16-6054-2_5",
url="https://doi.org/10.1007/978-981-16-6054-2_5"
}
@article{Li2022,
   author = {Xiao Li and Jie Ma and Ling Leng and Mingfei Han and Mansheng Li and Fuchu He and Yunping Zhu},
   doi = {10.3389/fgene.2022.806842},
   issn = {16648021},
   journal = {Frontiers in Genetics},
   keywords = {autoencoder,cancer subtype classification,graph convolutional network,multi-omics integration,similarity network fusion},
   month = {2},
   publisher = {Frontiers Media S.A.},
   title = {MoGCN: A Multi-Omics Integration Method Based on Graph Convolutional Network for Cancer Subtype Analysis},
   volume = {13},
   year = {2022},
}
@inproceedings{Li2021,
   author = {Bingjun Li and Tianyu Wang and Sheida Nabavi},
   city = {New York, NY, USA},
   doi = {10.1145/3459930.3469542},
   isbn = {9781450384506},
   journal = {Proceedings of the 12th ACM Conference on Bioinformatics, Computational Biology, and Health Informatics},
   keywords = {TCGA,cancer classification,deep learning,graph convolutional network,multi-omics data},
   publisher = {Association for Computing Machinery},
   title = {Cancer Molecular Subtype Classification by Graph Convolutional Networks on Multi-Omics Data},
   url = {https://doi.org/10.1145/3459930.3469542},
   year = {2021},
}
@article{Liu2020,
   author = {Qiao Liu and Zhiqiang Hu and Rui Jiang and Mu Zhou},
   doi = {10.1093/bioinformatics/btaa822},
   issue = {Supplement_2},
   journal = {Bioinformatics},
   pages = {911-918},
   title = {DeepCDR: a hybrid graph convolutional network for predicting cancer drug response},
   volume = {36},
   url = {https://academic.oup.com/bioinformatics/article/36/Supplement 2/i911/6055929},
   year = {2020},
}
@article{ma2020towards,
  title={Towards more practical adversarial attacks on graph neural networks},
  author={Ma, Jiaqi and Ding, Shuangrui and Mei, Qiaozhu},
  journal={Advances in neural information processing systems},
  volume={33},
  pages={4756--4766},
  year={2020}
}
@article{mendez2017many,
  title={The many roles of molecular complexity in drug discovery},
  author={M{\'e}ndez-Lucio, Oscar and Medina-Franco, Jos{\'e} L},
  journal={Drug Discovery Today},
  volume={22},
  number={1},
  pages={120--126},
  year={2017},
  publisher={Elsevier}
}
@article{Milano2023,
   author = {Marianna Milano and Mario Cannataro},
   doi = {10.1093/bib/bbad016},
   issn = {14774054},
   issue = {2},
   journal = {Briefings in Bioinformatics},
   pages = {1-2},
   pmid = {36681931},
   publisher = {Oxford University Press},
   title = {Network models in bioinformatics: modeling and analysis for complex diseases},
   volume = {24},
   year = {2023},
}
@article{misra2019integrated,
  title={Integrated omics: tools, advances and future approaches},
  author={Misra, Biswapriya B and Langefeld, Carl and Olivier, Michael and Cox, Laura A},
  journal={Journal of molecular endocrinology},
  volume={62},
  number={1},
  pages={R21--R45},
  year={2019},
  publisher={Bioscientifica Ltd}
}
@article{nicora2020integrated,
  title={Integrated multi-omics analyses in oncology: a review of machine learning methods and tools},
  author={Nicora, Giovanna and Vitali, Francesca and Dagliati, Arianna and Geifman, Nophar and Bellazzi, Riccardo},
  journal={Frontiers in oncology},
  volume={10},
  pages={1030},
  year={2020},
  publisher={Frontiers Media SA}
}
@article{picard2021integration,
  title={Integration strategies of multi-omics data for machine learning analysis},
  author={Picard, Milan and Scott-Boyer, Marie-Pier and Bodein, Antoine and P{\'e}rin, Olivier and Droit, Arnaud},
  journal={Computational and Structural Biotechnology Journal},
  volume={19},
  pages={3735--3746},
  year={2021},
  publisher={Elsevier}
}
@article{reel2021using,
  title={Using machine learning approaches for multi-omics data analysis: A review},
  author={Reel, Parminder S and Reel, Smarti and Pearson, Ewan and Trucco, Emanuele and Jefferson, Emily},
  journal={Biotechnology Advances},
  volume={49},
  pages={107739},
  year={2021},
  publisher={Elsevier}
}
@article{Schulte2021,
   author = {Roman Schulte-Sasse and Stefan Budach and Denes Hnisz and Annalisa Marsico},
   doi = {10.1038/s42256-021-00325-y},
   issue = {6},
   journal = {Nature Machine Intelligence},
   pages = {513-526},
   title = {Integration of multiomics data with graph convolutional networks to identify new cancer genes and their associated molecular mechanisms},
   volume = {3},
   url = {https://doi.org/10.1038/s42256-021-00325-y},
   year = {2021},
}
@article{singh2019diablo,
  title={DIABLO: an integrative approach for identifying key molecular drivers from multi-omics assays},
  author={Singh, Amrit and Shannon, Casey P and Gautier, Beno{\^\i}t and Rohart, Florian and Vacher, Micha{\"e}l and Tebbutt, Scott J and L{\^e} Cao, Kim-Anh},
  journal={Bioinformatics},
  volume={35},
  number={17},
  pages={3055--3062},
  year={2019},
  publisher={Oxford University Press}
}
@article{Song2021,
   author = {Qianqian Song and Jing Su and Wei Zhang},
   doi = {10.1038/s41467-021-24172-y},
   issue = {1},
   journal = {Nature communications},
   pages = {3826},
   title = {scGCN is a graph convolutional networks algorithm for knowledge transfer in single cell omics},
   volume = {12},
   url = {https://doi.org/10.1038/s41467-021-24172-y},
   year = {2021},
}
@article{stahlschmidt2022multimodal,
  title={Multimodal deep learning for biomedical data fusion: a review},
  author={Stahlschmidt, S{\"o}ren Richard and Ulfenborg, Benjamin and Synnergren, Jane},
  journal={Briefings in Bioinformatics},
  volume={23},
  number={2},
  pages={bbab569},
  year={2022},
  publisher={Oxford University Press}
}
@article{subramanian2020multi,
  title={Multi-omics data integration, interpretation, and its application},
  author={Subramanian, Indhupriya and Verma, Srikant and Kumar, Shiva and Jere, Abhay and Anamika, Krishanpal},
  journal={Bioinformatics and biology insights},
  volume={14},
  pages={1177932219899051},
  year={2020},
  publisher={SAGE Publications Sage UK: London, England}
}
@article{tang2022graph,
  title={Graph neural networks for node classification},
  author={Tang, Jian and Liao, Renjie},
  journal={Graph Neural Networks: Foundations, Frontiers, and Applications},
  pages={41--61},
  year={2022},
  publisher={Springer}
}
@article{tolani2021big,
  title={Big data, integrative omics and network biology},
  author={Tolani, Priya and Gupta, Srishti and Yadav, Kirti and Aggarwal, Suruchi and Yadav, Amit Kumar},
  journal={Advances in Protein Chemistry and Structural Biology},
  volume={127},
  pages={127--160},
  year={2021},
  publisher={Elsevier}
}
@article{tong2020deep,
  title={Deep learning based feature-level integration of multi-omics data for breast cancer patients survival analysis},
  author={Tong, Li and Mitchel, Jonathan and Chatlin, Kevin and Wang, May D},
  journal={BMC medical informatics and decision making},
  volume={20},
  pages={1--12},
  year={2020},
  publisher={Springer}
}
@article{vailati2017omics,
  title={What are omics sciences?},
  author={Vailati-Riboni, Mario and Palombo, Valentino and Loor, Juan J},
  journal={Periparturient diseases of dairy cows: a systems biology approach},
  pages={1--7},
  year={2017},
  publisher={Springer}
}
@article{Wang2021,
   author = {Tongxin Wang and Wei Shao and Zhi Huang and Haixu Tang and Jie Zhang and Zhengming Ding and Kun Huang},
   doi = {10.1038/s41467-021-23774-w},
   issue = {1},
   journal = {Nature Communications},
   pages = {3445},
   title = {MOGONET integrates multi-omics data using graph convolutional networks allowing patient classification and biomarker identification},
   volume = {12},
   url = {https://doi.org/10.1038/s41467-021-23774-w},
   year = {2021},
}
@article{Wang2020,
   author = {Chunyu Wang and Junling Guo and Ning Zhao and Yang Liu and Xiaoyan Liu and Guojun Liu and Maozu Guo},
   doi = {10.1109/TNB.2019.2936398},
   issue = {1},
   journal = {IEEE Transactions on NanoBioscience},
   pages = {117-126},
   title = {A Cancer Survival Prediction Method Based on Graph Convolutional Network},
   volume = {19},
   year = {2020},
}
@article{wang2020moronet,
  title={MORONET: multi-omics integration via graph convolutional networks for biomedical data classification},
  author={Wang, Tongxin and Shao, Wei and Huang, Zhi and Tang, Haixu and Zhang, Jie and Ding, Zhengming and Huang, Kun},
  journal={bioRxiv},
  pages={2020--07},
  year={2020},
  publisher={Cold Spring Harbor Laboratory}
}
@article{wang2014similarity,
  title={Similarity network fusion for aggregating data types on a genomic scale},
  author={Wang, Bo and Mezlini, Aziz M and Demir, Feyyaz and Fiume, Marc and Tu, Zhuowen and Brudno, Michael and Haibe-Kains, Benjamin and Goldenberg, Anna},
  journal={Nature methods},
  volume={11},
  number={3},
  pages={333--337},
  year={2014},
  publisher={Nature Publishing Group US New York}
}
@article{wen2023deep,
  title={Deep Learning-Based Multiomics Data Integration Methods for Biomedical Application},
  author={Wen, Yuqi and Zheng, Linyi and Leng, Dongjin and Dai, Chong and Lu, Jing and Zhang, Zhongnan and He, Song and Bo, Xiaochen},
  journal={Advanced Intelligent Systems},
  pages={2200247},
  year={2023},
  publisher={Wiley Online Library}
}
@Inbook{Wu2022,
author="Wu, Lingfei
and Cui, Peng
and Pei, Jian
and Zhao, Liang
and Song, Le",
editor="Wu, Lingfei
and Cui, Peng
and Pei, Jian
and Zhao, Liang",
title="Graph Neural Networks",
bookTitle="Graph Neural Networks: Foundations, Frontiers, and Applications",
year="2022",
publisher="Springer Nature Singapore",
address="Singapore",
pages="27--37",
isbn="978-981-16-6054-2",
doi="10.1007/978-981-16-6054-2_3",
url="https://doi.org/10.1007/978-981-16-6054-2_3"
}
@article{Wu2021,
   author = {Mengyun Wu and Huangdi Yi and Shuangge Ma},
   doi = {10.1093/bib/bbaa169},
   issn = {14774054},
   issue = {3},
   journal = {Briefings in Bioinformatics},
   keywords = {gene expression data,independent and overlapping information,regulators,vertical data integration},
   month = {5},
   pmid = {32793970},
   publisher = {Oxford University Press},
   title = {Vertical integration methods for gene expression data analysis},
   volume = {22},
   year = {2021},
}
@article{Zhang2019,
   author = {Si Zhang and Hanghang Tong and Jiejun Xu and Ross Maciejewski},
   doi = {10.1186/s40649-019-0069-y},
   issue = {1},
   journal = {Computational Social Networks},
   pages = {1-23},
   title = {Graph convolutional networks: a comprehensive review},
   volume = {6},
   url = {https://doi.org/10.1186/s40649-019-0069-y},
   year = {2019},
}
@article{Zhang2023,
   author = {Yanhui Zhang and Xiaohui Lin and Zhenbo Gao and Tianxiang Wang and Kunjie Dong and Jianjun Zhang},
   doi = {10.1016/J.JBI.2023.104479},
   issn = {1532-0464},
   journal = {Journal of Biomedical Informatics},
   keywords = {Biological network,Feature linear relationship,Graph convolutional network,Module biomarker,Omics data},
   month = {9},
   pages = {104479},
   pmid = {37634557},
   publisher = {Academic Press},
   title = {An omics data analysis method based on feature linear relationship and graph convolutional network},
   volume = {145},
   year = {2023},
}
@article{Zhu2023,
   author = {Jiening Zhu and Jung Hun Oh and Anish K. Simhal and Rena Elkin and Larry Norton and Joseph O. Deasy and Allen Tannenbaum},
   doi = {10.1016/j.compbiomed.2023.107117},
   issn = {18790534},
   journal = {Computers in Biology and Medicine},
   keywords = {Geometric graph neural network,Multi-omics,Ollivier-Ricci curvature,Optimal transport,Survival prediction,TCGA},
   month = {9},
   pmid = {37329617},
   publisher = {Elsevier Ltd},
   title = {Geometric graph neural networks on multi-omics data to predict cancer survival outcomes},
   volume = {163},
   year = {2023},
}
@article{zugner2020adversarial,
  title={Adversarial attacks on graph neural networks: Perturbations and their patterns},
  author={Z{\"u}gner, Daniel and Borchert, Oliver and Akbarnejad, Amir and G{\"u}nnemann, Stephan},
  journal={ACM Transactions on Knowledge Discovery from Data (TKDD)},
  volume={14},
  number={5},
  pages={1--31},
  year={2020},
  publisher={ACM New York, NY, USA}
}
@inproceedings{zugner2020certifiable,
  title={Certifiable robustness of graph convolutional networks under structure perturbations},
  author={Z{\"u}gner, Daniel and G{\"u}nnemann, Stephan},
  booktitle={Proceedings of the 26th ACM SIGKDD international conference on knowledge discovery \& data mining},
  pages={1656--1665},
  year={2020}
}
@inproceedings{zugner2018adversarial,
  title={Adversarial attacks on neural networks for graph data},
  author={Z{\"u}gner, Daniel and Akbarnejad, Amir and G{\"u}nnemann, Stephan},
  booktitle={Proceedings of the 24th ACM SIGKDD international conference on knowledge discovery \& data mining},
  pages={2847--2856},
  year={2018}
}