@article{bohm2020probabilistic,
  title={Probabilistic Autoencoder},
  author={B{\"o}hm, Vanessa and Seljak, Uro{\v{s}}},
  journal={arXiv preprint arXiv:2006.05479},
  year={2020}
}
@article{kingma2013auto,
  title={Auto-encoding variational bayes},
  author={Kingma, Diederik P and Welling, Max},
  journal={arXiv preprint arXiv:1312.6114},
  year={2013}
}
@article{Li2022,
   author = {Xiao Li and Jie Ma and Ling Leng and Mingfei Han and Mansheng Li and Fuchu He and Yunping Zhu},
   doi = {10.3389/fgene.2022.806842},
   issn = {16648021},
   journal = {Frontiers in Genetics},
   keywords = {autoencoder,cancer subtype classification,graph convolutional network,multi-omics integration,similarity network fusion},
   month = {2},
   publisher = {Frontiers Media S.A.},
   title = {MoGCN: A Multi-Omics Integration Method Based on Graph Convolutional Network for Cancer Subtype Analysis},
   volume = {13},
   year = {2022},
}