
@misc{palmerpe,
	title = {palmerpenguins R data package},
	url = {https://allisonhorst.github.io/palmerpenguins/},
	langid = {en}
}

@article{boulesteix2020,
	title = {Introduction to statistical simulations in health research},
	author = {Boulesteix, Anne-Laure and Groenwold, Rolf Hh and Abrahamowicz, Michal and Binder, Harald and Briel, Matthias and Hornung, Roman and Morris, Tim P and {Rahnenführer}, {Jörg} and Sauerbrei, Willi},
	year = {2020},
	month = {12},
	date = {2020-12},
	journal = {BMJ Open},
	pages = {e039921},
	volume = {10},
	number = {12},
	doi = {10.1136/bmjopen-2020-039921},
	url = {https://bmjopen.bmj.com/lookup/doi/10.1136/bmjopen-2020-039921},
	langid = {en}
}

@misc{palmerpea,
	title = {palmerpenguins R data package},
	url = {https://allisonhorst.github.io/palmerpenguins/},
	langid = {en}
}
