
@article{deleeuw2002,
	title = {Trends in Household Survey Nonresponse: A Longitudinal and International Comparison},
	author = {de leeuw, Edith and Heer, W. and Groves, Robert and Dillman, Don and Eltinge, J.L. and Little, R.J.},
	year = {2002},
	month = {01},
	date = {2002-01-01},
	journal = {Survey Nonresponse (Chapt},
	pages = {41--54},
	volume = {3}
}

@book{bethlehem2011,
	title = {Handbook of Nonresponse in Household Surveys},
	author = {Bethlehem, Jelke and Cobben, Fannie and Schouten, Barry},
	year = {2011},
	month = {04},
	date = {2011-04-27},
	publisher = {John Wiley & Sons},
	note = {Google-Books-ID: Nd5sccqltYYC},
	langid = {en}
}

@article{rogelberg2007,
	title = {Introduction: Understanding and Dealing With Organizational Survey Nonresponse},
	author = {Rogelberg, Steven G. and Stanton, Jeffrey M.},
	year = {2007},
	month = {04},
	date = {2007-04-01},
	journal = {Organizational Research Methods},
	pages = {195--209},
	volume = {10},
	number = {2},
	doi = {10.1177/1094428106294693},
	url = {https://doi.org/10.1177/1094428106294693},
	note = {Publisher: SAGE Publications Inc},
	langid = {en}
}
