@misc{CommunicationIntroductionStatistical,
  title = {Communication: {{Introduction}} to Statistical Simulations in Health Research - {{PMC}}},
  urldate = {2024-01-13},
  howpublished = {https://www.ncbi.nlm.nih.gov/pmc/articles/PMC7737058/},
  file = {/Users/marta/Zotero/storage/7SL48HS3/PMC7737058.html}
}

