
@article{horst2022,
	title = {Palmer Archipelago Penguins Data in the palmerpenguins R Package - An Alternative to Anderson's Irises},
	author = {Horst, Allison and Hill, Alison and Gorman, Kristen B.},
	year = {2022},
	month = {06},
	date = {2022-06-21},
	journal = {The R Journal},
	pages = {244--254},
	volume = {14},
	doi = {10.32614/RJ-2022-020}
}

@inproceedings{shrestha2021,
	title = {Unravel: A Fluent Code Explorer for Data Wrangling},
	author = {Shrestha, Nischal and Barik, Titus and Parnin, Chris},
	year = {2021},
	month = {10},
	date = {2021-10-12},
	publisher = {Association for Computing Machinery},
	pages = {198{\textendash}207},
	series = {UIST '21},
	doi = {10.1145/3472749.3474744},
	url = {https://doi.org/10.1145/3472749.3474744},
	address = {New York, NY, USA}
}
