@incollection{stern1993probability,
  title={Probability models on rankings and the electoral process},
  author={Stern, Hal},
  booktitle={Probability models and statistical analyses for ranking data},
  pages={173--195},
  year={1993},
  publisher={Springer}
}


@article{koop1994rank,
  title={Rank-ordered logit models: An empirical analysis of Ontario voter preferences},
  author={Koop, Gary and Poirier, Dale J},
  journal={Journal of Applied Econometrics},
  volume={9},
  number={4},
  pages={369--388},
  year={1994},
  publisher={Wiley Online Library}
}

@article{beggs1981assessing,
  title={Assessing the potential demand for electric cars},
  author={Beggs, Steven and Cardell, Scott and Hausman, Jerry},
  journal={Journal of econometrics},
  volume={17},
  number={1},
  pages={1--19},
  year={1981},
  publisher={Elsevier}
}

@article{yu2019analysis,
  title={Analysis of ranking data},
  author={Yu, Philip LH and Gu, Jiaqi and Xu, Hang},
  journal={Wiley Interdisciplinary Reviews: Computational Statistics},
  volume={11},
  number={6},
  pages={e1483},
  year={2019},
  publisher={Wiley Online Library}
}

@article{van2023bayesian,
  title={Bayesian analysis of Formula One race results: disentangling driver skill and constructor advantage},
  author={van Kesteren, Erik-Jan and Bergkamp, Tom},
  journal={Journal of quantitative analysis in sports},
  volume={19},
  number={4},
  pages={273--293},
  year={2023},
  publisher={De Gruyter}
}

@article{ali1998probability,
  title={Probability models on horse-race outcomes},
  author={Ali, Mukhtar M},
  journal={Journal of Applied Statistics},
  volume={25},
  number={2},
  pages={221--229},
  year={1998},
  publisher={Taylor \& Francis}
}

@article{graves2003hierarchical,
  title={Hierarchical models for permutations: Analysis of auto racing results},
  author={Graves, Todd and Reese, C Shane and Fitzgerald, Mark},
  journal={Journal of the American Statistical Association},
  volume={98},
  number={462},
  pages={282--291},
  year={2003},
  publisher={Taylor \& Francis}
}

@article{luce1959possible,
  title={On the possible psychophysical laws.},
  author={Luce, R Duncan},
  journal={Psychological review},
  volume={66},
  number={2},
  pages={81},
  year={1959},
  publisher={American Psychological Association}
}

@article{plackett1975analysis,
  title={The analysis of permutations},
  author={Plackett, Robin L},
  journal={Journal of the Royal Statistical Society Series C: Applied Statistics},
  volume={24},
  number={2},
  pages={193--202},
  year={1975},
  publisher={Oxford University Press}
}

 @article{hausman1987specifying,
  title={Specifying and testing econometric models for rank-ordered data},
  author={Hausman, Jerry A and Ruud, Paul A},
  journal={Journal of econometrics},
  volume={34},
  number={1-2},
  pages={83--104},
  year={1987},
  publisher={Elsevier}
}

@book{alvo2014statistical,
  title={Statistical methods for ranking data},
  author={Alvo, Mayer and Philip, LH},
  volume={1341},
  year={2014},
  publisher={Springer}
}

@article{eichenberger2009best,
  title={Who is the best Formula 1 driver? An economic approach to evaluating talent},
  author={Eichenberger, Reiner and Stadelmann, David and others},
  journal={Economic Analysis and Policy},
  volume={39},
  number={3},
  pages={389},
  year={2009}
}

@article{bell2016formula,
  title={Formula for success: multilevel modelling of Formula One driver and constructor performance, 1950--2014},
  author={Bell, Andrew and Smith, James and Sabel, Clive E and Jones, Kelvyn},
  journal={Journal of Quantitative Analysis in Sports},
  volume={12},
  number={2},
  pages={99--112},
  year={2016},
  publisher={De Gruyter}
}

@article{stern2008ranking,
  title={Ranking international limited-overs cricket teams using a weighted, heteroskedastic logistic regression with beta distributed outcomes},
  author={Stern, Steven and others},
  year={2008},
  publisher={Australia and New Zealand Industrial and Applied Mathematics (ANZIAM)}
}

@article{critchlow1991probability,
  title={Probability models on rankings},
  author={Critchlow, Douglas E and Fligner, Michael A and Verducci, Joseph S},
  journal={Journal of mathematical psychology},
  volume={35},
  number={3},
  pages={294--318},
  year={1991},
  publisher={Elsevier}
}

@article{bradley1952rank,
  title={Rank analysis of incomplete block designs: I. The method of paired comparisons},
  author={Bradley, Ralph Allan and Terry, Milton E},
  journal={Biometrika},
  volume={39},
  number={3/4},
  pages={324--345},
  year={1952},
  publisher={JSTOR}
}

@phdthesis{zhang2021building,
  title={Building upon Bradley-Terry and Plackett-Luce: some methods for modeling paired comparison and rank order data},
  author={Zhang, Sanqian},
  year={2021},
  school={Harvard University}
}

@article{thurstone1927law,
  author = {Thurstone, Louis L.},
  title = {A Law of Comparative Judgment},
  journal = {Psychological Review},
  volume = {34},
  year = {1927},
  pages = {273-286}
}

@article{henery1983permutation,
  title={Permutation probabilities for gamma random variables},
  author={Henery, Robert J},
  journal={Journal of applied probability},
  volume={20},
  number={4},
  pages={822--834},
  year={1983},
  publisher={Cambridge University Press}
}

@article{tversky1972elimination,
  title={Elimination by aspects: A theory of choice.},
  author={Tversky, Amos},
  journal={Psychological review},
  volume={79},
  number={4},
  pages={281},
  year={1972},
  publisher={American Psychological Association}
}

@article{glickman2015stochastic,
  title={A stochastic rank ordered logit model for rating multi-competitor games and sports},
  author={Glickman, Mark E and Hennessy, Jonathan},
  journal={Journal of Quantitative Analysis in Sports},
  volume={11},
  number={3},
  pages={131--144},
  year={2015},
  publisher={De Gruyter}
}

@article{ferrari2004beta,
  title={Beta regression for modelling rates and proportions},
  author={Ferrari, Silvia and Cribari-Neto, Francisco},
  journal={Journal of applied statistics},
  volume={31},
  number={7},
  pages={799--815},
  year={2004},
  publisher={Taylor \& Francis}
}

@article{cribari2010beta,
  title={Beta regression in R},
  author={Cribari-Neto, Francisco and Zeileis, Achim},
  journal={Journal of statistical software},
  volume={34},
  pages={1--24},
  year={2010}
}


@inproceedings{guiver2009bayesian,
  title={Bayesian inference for Plackett-Luce ranking models},
  author={Guiver, John and Snelson, Edward},
  booktitle={proceedings of the 26th annual international conference on machine learning},
  pages={377--384},
  year={2009}
}

@inproceedings{dwork2001rank,
  title={Rank aggregation methods for the web},
  author={Dwork, Cynthia and Kumar, Ravi and Naor, Moni and Sivakumar, Dandapani},
  booktitle={Proceedings of the 10th international conference on World Wide Web},
  pages={613--622},
  year={2001}
}

@misc{stan2018stan,
  title={Stan modeling language users guide and reference manual, version 2.18. 0},
  author={Stan Development Team and others},
  year={2018},
  publisher={Stan Development Team}
}

@article{gabry2021cmdstanr,
  title={cmdstanr: R Interface to’CmdStan’},
  author={Gabry, Jonah and {\v{C}}e{\v{s}}novar, Rok},
  journal={URL: https://mc-stan. org/cmdstanr, https://discourse. mc-stan. org},
  year={2021}
}

@manual{posit2023rstudio,
  author = {{Posit team}},
  title = {{RStudio: Integrated Development Environment for R}},
  organization = {{Posit Software, PBC}},
  address = {Boston, MA},
  year = {2023},
  url = {http://www.posit.co/}
}