
@article{owid-co2-and-greenhouse-gas-emissions,
    author = {Hannah Ritchie and Pablo Rosado and Max Roser},
    title = {COâ‚‚ and Greenhouse Gas Emissions},
    journal = {Our World in Data},
    year = {2023},
    note = {https://ourworldindata.org/co2-and-greenhouse-gas-emissions}
}

@article{lohmann2020,
	title = {Temperatures from energy balance models: the effective heat capacity matters},
	author = {Lohmann, Gerrit},
	year = {2020},
	month = {12},
	date = {2020-12-16},
	journal = {Earth System Dynamics},
	pages = {1195--1208},
	volume = {11},
	number = {4},
	doi = {10.5194/esd-11-1195-2020},
	url = {http://dx.doi.org/10.5194/esd-11-1195-2020},
	langid = {en}
}
