@article{horst2022,
  title = {Palmer {{Archipelago Penguins Data}} in the Palmerpenguins {{R Package}} - {{An Alternative}} to {{Anderson}}'s {{Irises}}},
  author = {Horst, Allison and Hill, Alison and Gorman, Kristen B.},
  year = {2022},
  month = jun,
  journal = {The R Journal},
  volume = {14},
  pages = {244--254},
  doi = {10.32614/RJ-2022-020},
  file = {/Users/pepijnvink/Zotero/storage/NXQMKYS8/Horst et al. - 2022 - Palmer Archipelago Penguins Data in the palmerpeng.pdf}
}

@misc{palmerpenguins,
  title = {Palmerpenguins: {{Palmer Archipelago}} ({{Antarctica}}) {{Penguin Data}}},
  shorttitle = {Palmerpenguins},
  author = {Horst, Allison and Hill, Alison and Gorman, Kristen},
  year = {2022},
  month = aug,
  urldate = {2023-11-08},
  abstract = {Size measurements, clutch observations, and blood isotope ratios for adult foraging Ad\'elie, Chinstrap, and Gentoo penguins observed on islands in the Palmer Archipelago near Palmer Station, Antarctica. Data were collected and made available by Dr. Kristen Gorman and the Palmer Station Long Term Ecological Research (LTER) Program.},
  copyright = {CC0}
}
